
@article{krause2016,
  langid = {english},
  title = {{{JURECA}}: {{General}}-purpose supercomputer at {{Jülich Supercomputing Centre}}},
  volume = {2},
  issn = {2364-091X},
  doi = {10.17815/jlsrf-2-121},
  shorttitle = {{{JURECA}}},
  number = {0},
  journaltitle = {Journal of large-scale research facilities JLSRF},
  date = {2016-03-21},
  pages = {62},
  author = {Krause, Dorian and Thörnig, Philipp},
  file = {/home/marc/Zotero/storage/2SG4GN9Z/Krause and Thörnig - 2016 - JURECA General-purpose supercomputer at Jülich Su.pdf}
}

@article{burstedde2011,
  title = {p4est: {{Scalable Algorithms}} for {{Parallel Adaptive Mesh Refinement}} on {{Forests}} of {{Octrees}}},
  volume = {33},
  issn = {1064-8275},
  doi = {10.1137/100791634},
  shorttitle = {p4est},
  number = {3},
  journaltitle = {SIAM Journal on Scientific Computing},
  shortjournal = {SIAM J. Sci. Comput.},
  date = {2011},
  pages = {1103-1133},
  author = {Burstedde, C. and Wilcox, L. and Ghattas, O.},
  file = {/home/marc/Zotero/storage/BJ47HD6F/Burstedde et al. - 2011 - p4est Scalable Algorithms for Parallel Adaptive M.pdf}
}

@misc{mcdermott2003,
  title = {A non–trivial analytical solution to the 2–d incompressible {{Navier}}–{{Stokes}} equations},
  url = {https://sites.google.com/site/randymcdermott/NS_exact_soln.pdf},
  date = {2003-08-12},
  author = {McDermott, Randall},
  file = {/home/marc/Zotero/storage/XL6GZCVR/McDermott - 2003 - A non–trivial analytical solution to the 2–d incom.pdf}
}

@unpublished{jouhaud2010,
  title = {Benchmark on the vortex preservation},
  url = {http://elearning.cerfacs.fr/pdfs/numerical/TestCaseVortex2D.pdf},
  date = {2010-12-13},
  author = {Jouhaud, Jean–Christophe},
  file = {/home/marc/Zotero/storage/3GXYXWZS/Jouhaud - 2010 - Benchmark on the vortex preservation.pdf}
}

@book{girault1986,
  location = {{Berlin, Heidelberg}},
  title = {Finite {{Element Methods}} for {{Navier}}-{{Stokes Equations}}},
  volume = {5},
  isbn = {978-3-642-64888-5 978-3-642-61623-5},
  url = {http://link.springer.com/10.1007/978-3-642-61623-5},
  series = {Springer {{Series}} in {{Computational Mathematics}}},
  publisher = {{Springer Berlin Heidelberg}},
  urldate = {2018-04-18},
  date = {1986},
  author = {Girault, Vivette and Raviart, Pierre-Arnaud},
  file = {/home/marc/Zotero/storage/EYZBYST7/Girault and Raviart - 1986 - Finite Element Methods for Navier-Stokes Equations.pdf},
  doi = {10.1007/978-3-642-61623-5}
}

@book{quarteroni1994,
  location = {{Berlin, Heidelberg}},
  title = {Numerical {{Approximation}} of {{Partial Differential Equations}}},
  volume = {23},
  isbn = {978-3-540-85267-4 978-3-540-85268-1},
  url = {http://link.springer.com/10.1007/978-3-540-85268-1},
  series = {Springer {{Series}} in {{Computational Mathematics}}},
  publisher = {{Springer Berlin Heidelberg}},
  urldate = {2018-04-18},
  date = {1994},
  author = {Quarteroni, Alfio and Valli, Alberto},
  file = {/home/marc/Zotero/storage/6ETR7KPG/Quarteroni and Valli - 1994 - Numerical Approximation of Partial Differential Eq.pdf},
  doi = {10.1007/978-3-540-85268-1}
}

@collection{hurley2016,
  location = {{New York, NY}},
  title = {{{SFPE Handbook}} of {{Fire Protection Engineering}}},
  edition = {Fifth},
  isbn = {978-1-4939-2564-3 978-1-4939-2565-0},
  url = {http://link.springer.com/10.1007/978-1-4939-2565-0},
  publisher = {{Springer New York}},
  urldate = {2018-04-18},
  date = {2016},
  editor = {Hurley, Morgan J. and Gottuk, Daniel and Hall, John R. and Harada, Kazunori and Kuligowski, Erica and Puchovsky, Milosh and Torero, José and Watts, John M. and Wieczorek, Christopher},
  file = {/home/marc/Zotero/storage/ERRQAXZM/Hurley et al. - 2016 - SFPE Handbook of Fire Protection Engineering.pdf;/home/marc/Zotero/storage/KDBCQHTZ/Hurley et al. - 2016 - SFPE Handbook of Fire Protection Engineering.epub},
  doi = {10.1007/978-1-4939-2565-0}
}

@book{boussinesq1897,
  title = {Théorie de l'écoulement tourbillonnant et tumultueux des liquides dans les lits rectilignes a grande section},
  volume = {1},
  publisher = {{Gauthier–Villars et fils, Paris}},
  date = {1897},
  author = {Boussinesq, Joseph},
  file = {/home/marc/Zotero/storage/4M88RK2N/Boussinesq - 1897 - Théorie de l'écoulement tourbillonnant et tumultue.pdf}
}

@article{roig2007,
  title = {One-step {{Taylor}}–{{Galerkin}} methods for convection–diffusion problems},
  volume = {204},
  issn = {0377-0427},
  doi = {10.1016/j.cam.2006.04.031},
  number = {1},
  journaltitle = {Journal of Computational and Applied Mathematics},
  shortjournal = {Journal of Computational and Applied Mathematics},
  series = {Special issue dedicated to {{Professor Shinnosuke Oharu}} on the occasion of his 65th birthday},
  date = {2007-07-01},
  pages = {95-101},
  keywords = {Convection–diffusion,Finite elements,Taylor–Galerkin,Time-stepping schemes},
  author = {Roig, Bernardino},
  file = {/home/marc/Zotero/storage/VDGVJI8F/Roig - 2007 - One-step Taylor–Galerkin methods for convection–di.pdf}
}

@article{taylor1973,
  title = {A numerical solution of the {{Navier}}-{{Stokes}} equations using the finite element technique},
  volume = {1},
  issn = {0045-7930},
  doi = {10.1016/0045-7930(73)90027-3},
  number = {1},
  journaltitle = {Computers \& Fluids},
  shortjournal = {Computers \& Fluids},
  date = {1973-01},
  pages = {73-100},
  author = {Taylor, C. and Hood, P.},
  file = {/home/marc/Zotero/storage/GK6DDUNZ/Taylor and Hood - 1973 - A numerical solution of the Navier-Stokes equation.pdf}
}

@article{smagorinsky1963,
  title = {General circulation experiments with the primitive equations},
  volume = {91},
  issn = {0027-0644},
  doi = {10.1175/1520-0493(1963)091<0099:GCEWTP>2.3.CO;2},
  number = {3},
  journaltitle = {Monthly Weather Review},
  shortjournal = {Mon. Wea. Rev.},
  date = {1963-03-01},
  pages = {99-164},
  author = {Smagorinsky, J.},
  file = {/home/marc/Zotero/storage/WTQBPP59/Smagorinsky - 1963 - General circulation experiments with the primitive.pdf}
}

@article{heavner2014,
  title = {Locally chosen grad-div stabilization parameters for finite element discretizations of incompressible flow problems},
  volume = {7},
  issn = {23277807},
  doi = {10.1137/14S012786},
  journaltitle = {SIAM Undergraduate Research Online},
  date = {2014-03-06},
  pages = {42-73},
  author = {Heavner, Nathan D.},
  file = {/home/marc/Zotero/storage/ZJE84DRM/Heavner - 2014 - Locally chosen grad-div stabilization parameters f.pdf}
}

@article{merci2014,
  langid = {english},
  title = {Computer {{Modeling}} for {{Fire}} and {{Smoke Dynamics}} in {{Enclosures}}: {{A Help}} or a {{Burden}}?},
  volume = {11},
  url = {http://www.iafss.org/publications/fss/11/46},
  shorttitle = {Computer {{Modeling}} for {{Fire}} and {{Smoke Dynamics}} in {{Enclosures}}},
  journaltitle = {Fire Safety Science},
  urldate = {2018-04-18},
  date = {2014},
  pages = {46-65},
  author = {Merci, B.},
  file = {/home/marc/Zotero/storage/V6U3UU5F/Merci - 2014 - Computer Modeling for Fire and Smoke Dynamics in E.pdf}
}

@article{chorin1967,
  langid = {american},
  title = {The numerical solution of the {{Navier}}-{{Stokes}} equations for an incompressible fluid},
  volume = {73},
  issn = {0002-9904, 1936-881X},
  doi = {10.1090/S0002-9904-1967-11853-6},
  number = {6},
  journaltitle = {Bulletin of the American Mathematical Society},
  shortjournal = {Bull. Amer. Math. Soc.},
  date = {1967-06-21},
  pages = {928-931},
  author = {Chorin, Alexandre Joel},
  file = {/home/marc/Zotero/storage/XFRUH8T6/Chorin - 1967 - The numerical solution of the Navier-Stokes equati.pdf}
}

@article{karniadakis1991,
  title = {High-order splitting methods for the incompressible {{Navier}}-{{Stokes}} equations},
  volume = {97},
  issn = {0021-9991},
  doi = {10.1016/0021-9991(91)90007-8},
  number = {2},
  journaltitle = {Journal of Computational Physics},
  shortjournal = {Journal of Computational Physics},
  date = {1991-12},
  pages = {414-443},
  author = {Karniadakis, George Em and Israeli, Moshe and Orszag, Steven A},
  file = {/home/marc/Zotero/storage/RJVKCJ22/Karniadakis et al. - 1991 - High-order splitting methods for the incompressibl.pdf}
}

@article{steckler1982,
  title = {Flow induced by fire in a compartment},
  volume = {19},
  issn = {0082-0784},
  doi = {10.1016/S0082-0784(82)80267-1},
  number = {1},
  journaltitle = {Symposium (International) on Combustion},
  shortjournal = {Symposium (International) on Combustion},
  series = {Nineteenth {{Symposium}} ({{International}}) on {{Combustion}}},
  date = {1982},
  pages = {913-920},
  author = {Steckler, K. D. and Quintiere, J. G. and Rinkinen, W. J.},
  file = {/home/marc/Zotero/storage/7TF5BTWT/Steckler et al. - 1982 - Flow induced by fire in a compartment.pdf}
}

@article{krank2017,
  title = {A high-order semi-explicit discontinuous {{Galerkin}} solver for {{3D}} incompressible flow with application to {{DNS}} and {{LES}} of turbulent channel flow},
  volume = {348},
  issn = {0021-9991},
  doi = {10.1016/j.jcp.2017.07.039},
  journaltitle = {Journal of Computational Physics},
  shortjournal = {Journal of Computational Physics},
  date = {2017-11-01},
  pages = {634-659},
  keywords = {Discontinuous Galerkin,Incompressible Navier–Stokes equations,Matrix-free implementation,Splitting method,Turbulent flow},
  author = {Krank, Benjamin and Fehn, Niklas and Wall, Wolfgang A. and Kronbichler, Martin},
  file = {/home/marc/Zotero/storage/XN2EHZJX/Krank et al. - 2017 - A high-order semi-explicit discontinuous Galerkin .pdf}
}

@article{steckler1985,
  title = {Fire induced flows through room openings-flow coefficients},
  volume = {20},
  issn = {0082-0784},
  doi = {10.1016/S0082-0784(85)80654-8},
  number = {1},
  journaltitle = {Symposium (International) on Combustion},
  shortjournal = {Symposium (International) on Combustion},
  series = {Twentieth {{Symposium}} ({{International}}) on {{Combustion}}},
  date = {1985},
  pages = {1591-1600},
  author = {Steckler, K. D. and Baum, H. R. and Quintiere, J. G.},
  file = {/home/marc/Zotero/storage/WHGWNQNB/Steckler et al. - 1985 - Fire induced flows through room openings-flow coef.pdf}
}

@book{bird1987,
  location = {{New York}},
  title = {Dynamics of {{Polymeric Liquids}}, {{Volume}} 1: {{Fluid Mechanics}}},
  edition = {second},
  isbn = {978-0-471-80245-7},
  shorttitle = {Dynamics of {{Polymeric Liquids}}, {{Volume}} 1},
  publisher = {{Wiley-Interscience}},
  date = {1987},
  author = {Bird, R. Byron and Armstrong, Robert C. and Hassager, Ole},
  file = {/home/marc/Zotero/storage/PX22GNZH/Bird et al. - 1987 - Dynamics of Polymeric Liquids, Volume 1 Fluid Mec.djvu}
}

@book{landau2012,
  location = {{Amsterdam; Boston}},
  title = {Fluid mechanics},
  edition = {second},
  volume = {6},
  isbn = {978-0-7506-2767-2},
  publisher = {{Elsevier Butterworth-Heinemann}},
  date = {2012},
  author = {Landau, L. D. and Lifshitz, E. M.},
  file = {/home/marc/Zotero/storage/D6NUDEWI/Landau and Lifshitz - 2012 - Fluid mechanics.pdf},
  note = {OCLC: 820373360}
}

@book{stelzer1984,
  location = {{München}},
  title = {Physical property algorithms: {{Stoffwertalgorithmen}}},
  isbn = {978-3-521-06144-6},
  shorttitle = {Physical property algorithms},
  number = {Bd. 93},
  series = {Thiemig-{{Taschenbücher}}},
  publisher = {{Thiemig}},
  date = {1984},
  keywords = {Algorithmus,Stoffwert,Stoffwerte},
  author = {Stelzer, Johann Friedrich}
}

@book{kuzmin2015,
  title = {Finite {{Element Methods}} for {{Computational Fluid Dynamics}}: {{A Practical Guide}}},
  isbn = {978-1-61197-360-0},
  shorttitle = {Finite {{Element Methods}} for {{Computational Fluid Dynamics}}},
  publisher = {{SIAM}},
  date = {2015},
  author = {Kuzmin, Dmitri and Hämäläinen, Jari}
}

@article{schatz2010,
  title = {On {{Positivity}} and {{Maximum}}-{{Norm Contractivity}} in {{Time Stepping Methods}} for {{Parabolic Equations}}},
  volume = {10},
  issn = {1609-9389},
  doi = {10.2478/cmam-2010-0025},
  number = {4},
  journaltitle = {Computational Methods in Applied Mathematics Comput. Methods Appl. Math.},
  date = {2010},
  pages = {421--443},
  keywords = {finite elements,lumped mass,maximum-norm contrativity,parabolic equations,positivity,time-stepping},
  author = {Schatz, A.H. and Thomèe, V. and Wahlbin, L.B.},
  file = {/home/marc/Zotero/storage/KPIS4AKA/Schatz et al. - 2010 - On Positivity and Maximum-Norm Contractivity in Ti.pdf}
}

@online{glennresearchcenter2015,
  title = {Role of {{Mach Number}} in {{Compressible Flows}}},
  url = {https://www.grc.nasa.gov/www/k-12/airplane/machrole.html},
  urldate = {2018-05-15},
  date = {2015-05-05},
  author = {Glenn Research Center, NASA},
  file = {/home/marc/Zotero/storage/XDWTSBGH/machrole.html}
}

@article{hostikka2015,
  title = {Experimental characterisation of sprays resulting from impacts of liquid-containing projectiles},
  volume = {295},
  issn = {0029-5493},
  doi = {10.1016/j.nucengdes.2015.09.008},
  journaltitle = {Nuclear Engineering and Design},
  shortjournal = {Nuclear Engineering and Design},
  date = {2015-12-15},
  pages = {388-402},
  author = {Hostikka, Simo and Silde, Ari and Sikanen, Topi and Vepsä, Ari and Paajanen, Antti and Honkanen, Markus},
  file = {/home/marc/Zotero/storage/26JWY3ZZ/Hostikka et al. - 2015 - Experimental characterisation of sprays resulting .pdf}
}

@article{silde2011,
  title = {Experimental and numerical studies of liquid dispersal from a soft projectile impacting a wall},
  volume = {241},
  issn = {0029-5493},
  doi = {10.1016/j.nucengdes.2010.07.033},
  number = {3},
  journaltitle = {Nuclear Engineering and Design},
  shortjournal = {Nuclear Engineering and Design},
  series = {The {{International Conference}} on {{Structural Mechanics}} in {{Reactor Technology}} ({{SMiRT19}}) {{Special Section}}},
  date = {2011-03-01},
  pages = {617-624},
  author = {Silde, Ari and Hostikka, Simo and Kankkunen, Ari},
  file = {/home/marc/Zotero/storage/3V8TQ6R3/Silde et al. - 2011 - Experimental and numerical studies of liquid dispe.pdf}
}

@article{burstedde2018,
  archivePrefix = {arXiv},
  eprinttype = {arxiv},
  eprint = {1803.08432},
  primaryClass = {cs},
  title = {Parallel tree algorithms for {{AMR}} and non-standard data access},
  url = {http://arxiv.org/abs/1803.08432},
  urldate = {2018-08-27},
  date = {2018-03-22},
  keywords = {65D18; 65M50; 65Y05; 68W10,Computer Science - Distributed; Parallel; and Cluster Computing},
  author = {Burstedde, Carsten},
  file = {/home/marc/Zotero/storage/PCUG28K7/Burstedde - 2018 - Parallel tree algorithms for AMR and non-standard .pdf}
}

@inproceedings{ribes2007,
  title = {Salome platform component model for numerical simulation},
  volume = {2},
  doi = {10.1109/COMPSAC.2007.185},
  eventtitle = {31st {{Annual International Computer Software}} and {{Applications Conference}} ({{COMPSAC}} 2007)},
  booktitle = {31st {{Annual International Computer Software}} and {{Applications Conference}} ({{COMPSAC}} 2007)},
  date = {2007-07},
  pages = {553-564},
  keywords = {Application software,Computer interfaces,Functional programming,Graphical user interfaces,Kernel,numerical framework,Numerical models,Numerical simulation,numerical simulation codes,object-oriented programming,Physics computing,programming model,Research and development,Salome platform component model,software engineering,Solid modeling},
  author = {Ribes, A. and Caremoli, C.},
  file = {/home/marc/Zotero/storage/Q9SZAZ9T/Ribes and Caremoli - 2007 - Salome platform component model for numerical simu.pdf}
}

@report{mpi31,
  title = {{{MPI}}: {{A Message}}-{{Passing Interface Standard Version}} 3.1},
  url = {https://www.mpi-forum.org/},
  urldate = {2019-02-05},
  date = {2015-06},
  author = {{Message Passing Interface Forum}},
  shorthand = {MPI, 2018}
}

@report{openmp50,
  title = {{{OpenMP}}® {{Application Programming Interface Version}} 5.0},
  url = {https://www.openmp.org/},
  urldate = {2019-02-05},
  date = {2018-11},
  shorthand = {OpenMP, 2018}
}

@report{cuda10,
  title = {{{NVIDIA}}® {{CUDA}}® {{Toolkit}} 10.0},
  url = {https://developer.nvidia.com/cuda-zone},
  urldate = {2019-02-05},
  date = {2018-10},
  shorthand = {CUDA, 2018}
}

@report{tbb2018,
  title = {{{Intel}}® {{Threading Building Blocks}} 2019 {{Update}} 3},
  url = {https://www.threadingbuildingblocks.org/},
  urldate = {2019-02-05},
  date = {2018-12},
  shorthand = {TBB, 2018}
}

@report{openacc27,
  title = {The {{OpenACC}}® {{Application Programming Interface Version}} 2.7},
  url = {https://www.openacc.org/},
  urldate = {2019-02-05},
  date = {2018-11},
  shorthand = {OpenACC, 2018}
}

@book{li2017,
  title = {Verification, validation and evaluation of {{FireFOAM}} as a tool for performance design},
  url = {http://urn.kb.se/resolve?urn=urn:nbn:se:ri:diva-32870},
  urldate = {2019-03-13},
  date = {2017},
  author = {Li, Ying Zhen and Huang, Chen and Anderson, Johan and Svensson, Robert and Ingason, Haukur and Husted, Bjarne and Runefors, Marcus and Wahlqvist, Jonatan},
  file = {/home/marc/Zotero/storage/UKBIIMBH/Li et al. - 2017 - Verification, validation and evaluation of FireFOA.pdf}
}

@article{mitchell2010,
  title = {The \textit{hp}‐multigrid method applied to \textit{hp}‐adaptive refinement of triangular grids},
  volume = {17},
  issn = {1070-5325},
  doi = {10.1002/nla.700},
  issue = {2‐3},
  journaltitle = {Numerical Linear Algebra with Applications},
  shortjournal = {Numerical Linear Algebra with Applications},
  date = {2010-04-01},
  pages = {211-228},
  author = {Mitchell, William F.},
  file = {/home/marc/Zotero/storage/EFPVFXPI/Mitchell - 2010 - The hp‐multigrid method applied to hp‐adaptive ref.pdf}
}

@article{bangerth2009,
  title = {Data {{Structures}} and {{Requirements}} for \textit{hp} {{Finite Element Software}}},
  volume = {36},
  issn = {0098-3500},
  doi = {10.1145/1486525.1486529},
  number = {1},
  journaltitle = {ACM Trans. Math. Softw.},
  date = {2009-03},
  pages = {4:1--4:31},
  keywords = {<i>hp</i> finite element methods,data structures,finite element software,Object orientation,software design},
  author = {Bangerth, Wolfgang and Kayser-Herold, Oliver},
  file = {/home/marc/Zotero/storage/V5W9U8YE/Bangerth and Kayser-Herold - 2009 - Data Structures and Requirements for hp Finite Ele.pdf}
}

@article{bangerth2012,
  title = {Algorithms and {{Data Structures}} for {{Massively Parallel Generic Adaptive Finite Element Codes}}},
  volume = {38},
  issn = {0098-3500},
  doi = {10.1145/2049673.2049678},
  number = {2},
  journaltitle = {ACM Trans. Math. Softw.},
  date = {2012-01},
  pages = {14:1--14:28},
  keywords = {software design,Adaptive mesh refinement,object-orientation,parallel algorithms},
  author = {Bangerth, Wolfgang and Burstedde, Carsten and Heister, Timo and Kronbichler, Martin},
  file = {/home/marc/Zotero/storage/LETM2TTG/Bangerth et al. - 2012 - Algorithms and Data Structures for Massively Paral.pdf}
}

@article{houston2005,
  title = {A note on the design of \textit{hp}-adaptive finite element methods for elliptic partial differential equations},
  volume = {194},
  issn = {0045-7825},
  doi = {10.1016/j.cma.2004.04.009},
  number = {2},
  journaltitle = {Computer Methods in Applied Mechanics and Engineering},
  shortjournal = {Computer Methods in Applied Mechanics and Engineering},
  series = {Selected papers from the 11th {{Conference}} on {{The Mathematics}} of {{Finite Elements}} and {{Applications}}},
  date = {2005-02-04},
  pages = {229-243},
  keywords = {-Finite element methods,A posteriori error analysis,Adaptivity},
  author = {Houston, Paul and Süli, Endre},
  file = {/home/marc/Zotero/storage/72RHHFMY/Houston and Süli - 2005 - A note on the design of hp-adaptive finite element.pdf}
}

@article{melenk2001,
  langid = {english},
  title = {On residual-based a posteriori error estimation in \textit{hp}-{{FEM}}},
  volume = {15},
  issn = {1019-7168, 1572-9044},
  doi = {10.1023/A:1014268310921},
  number = {1-4},
  journaltitle = {Advances in Computational Mathematics},
  shortjournal = {Advances in Computational Mathematics},
  date = {2001-11-01},
  pages = {311-331},
  author = {Melenk, J. M. and Wohlmuth, B. I.},
  file = {/home/marc/Zotero/storage/LVEKRDA9/Melenk and Wohlmuth - 2001 - On residual-based a posteriori error estimation in.pdf}
}

@article{janssen2011,
  title = {Adaptive {{Multilevel Methods}} with {{Local Smoothing}} for $H^1$- and $H^{\mathrm{curl}}$-{{Conforming High Order Finite Element Methods}}},
  volume = {33},
  issn = {1064-8275},
  doi = {10.1137/090778523},
  number = {4},
  journaltitle = {SIAM Journal on Scientific Computing},
  shortjournal = {SIAM J. Sci. Comput.},
  date = {2011-01-01},
  pages = {2095-2114},
  author = {Janssen, Bärbel and Kanschat, Guido},
  file = {/home/marc/Zotero/storage/YPMJ4MZQ/Janssen and Kanschat - 2011 - Adaptive Multilevel Methods with Local Smoothing f.pdf}
}

@thesis{shahbazi2007,
  title = {A parallel high-order discontinuous {{Galerkin}} solver for the unsteady incompressible {{Navier}}-{{Stokes}} equations in complex geometries},
  url = {http://webpages.sdsmt.edu/~kshahbaz/shahbazi_PhDThesis.pdf},
  institution = {{University of Toronto}},
  type = {Dissertation},
  date = {2007},
  author = {Shahbazi, Khosro},
  file = {/home/marc/Zotero/storage/2CI8RD8H/Shahbazi - 2007 - A parallel high-order discontinuous Galerkin solve.pdf}
}

@article{meunders2018,
  title = {Velocity measurements of a bench scale buoyant plume applying particle image velocimetry},
  volume = {123},
  issn = {0017-9310},
  doi = {10.1016/j.ijheatmasstransfer.2018.02.011},
  journaltitle = {International Journal of Heat and Mass Transfer},
  shortjournal = {International Journal of Heat and Mass Transfer},
  date = {2018-08-01},
  pages = {473-488},
  keywords = {Bench scale experiment,Free convection,Particle image velocimetry,Thermal convection,Transition flow,Undisturbed plume},
  author = {Meunders, Andreas and Arnold, Lukas and Belt, Alexander and Hundhausen, Alexander},
  file = {/home/marc/Zotero/storage/8QW2993A/Meunders et al. - 2018 - Velocity measurements of a bench scale buoyant plu.pdf}
}

@report{mcgrattan2019,
  title = {Fire {{Dynamics Simulator User}}'s {{Guide}}},
  number = {1019, Sixth Edition},
  series = {{{NIST Special Publication}}},
  date = {2019-02-04},
  author = {McGrattan, Kevin and Hostikka, Simo and McDermott, Randall and Floyd, Jason and Vanella, Marcos},
  file = {/home/marc/Zotero/storage/AKXCZB5L/McGrattan et al. - 2019 - Fire Dynamics Simulator User's Guide.pdf},
  doi = {10.6028/NIST.SP.1019}
}

@report{mcgrattan2019a,
  title = {Fire {{Dynamics Simulator Technical Reference Guide Volume}} 1: {{Mathematical Model}}},
  number = {1018-1, Sixth Edition},
  series = {{{NIST Special Publication}}},
  date = {2019-02-04},
  author = {McGrattan, Kevin and Hostikka, Simo and McDermott, Randall and Floyd, Jason and Vanella, Marcos},
  file = {/home/marc/Zotero/storage/NKAE878P/McGrattan et al. - 2019 - Fire Dynamics Simulator Technical Reference Guide .pdf},
  doi = {10.6028/NIST.SP.1018}
}

@report{mcgrattan2019b,
  title = {Fire {{Dynamics Simulator Technical Reference Guide Volume}} 2: {{Verification}}},
  number = {1018-2, Sixth Edition},
  series = {{{NIST Special Publication}}},
  date = {2019-02-04},
  author = {McGrattan, Kevin and Hostikka, Simo and McDermott, Randall and Floyd, Jason and Vanella, Marcos},
  file = {/home/marc/Zotero/storage/2XXY4BW5/McGrattan et al. - 2019 - Fire Dynamics Simulator Technical Reference Guide .pdf},
  doi = {10.6028/NIST.SP.1018}
}

@report{mcgrattan2019c,
  title = {Fire {{Dynamics Simulator Technical Reference Guide Volume}} 3: {{Validation}}},
  number = {1018-3, Sixth Edition},
  series = {{{NIST Special Publication}}},
  date = {2019-02-04},
  author = {McGrattan, Kevin and Hostikka, Simo and McDermott, Randall and Floyd, Jason and Vanella, Marcos},
  file = {/home/marc/Zotero/storage/XHDS63HR/McGrattan et al. - 2019 - Fire Dynamics Simulator Technical Reference Guide .pdf},
  doi = {10.6028/NIST.SP.1018}
}

@report{mcgrattan2019d,
  title = {Fire {{Dynamics Simulator Technical Reference Guide Volume}} 4: {{Software Quality Assurance}}},
  number = {1018-4, Sixth Edition},
  series = {{{NIST Special Publication}}},
  date = {2019-02-04},
  author = {McGrattan, Kevin and Hostikka, Simo and McDermott, Randall and Floyd, Jason and Vanella, Marcos},
  file = {/home/marc/Zotero/storage/LYG8Z9J5/McGrattan et al. - 2019 - Fire Dynamics Simulator Technical Reference Guide .pdf},
  doi = {10.6028/NIST.SP.1018}
}

@article{rehm1978,
  title = {The {{Equations}} of {{Motion}} for {{Thermally Driven}}, {{Buoyant Flows}}},
  volume = {83},
  doi = {10.6028/jres.083.019},
  journaltitle = {Journal of Research of the National Bureau of Standards},
  shortjournal = {Journal of Research of the National Bureau of Standards},
  date = {1978-05-01},
  author = {Rehm, Ronald and Baum, Howard},
  file = {/home/marc/Zotero/storage/EEX6BCZT/Rehm and Baum - 1978 - The Equations of Motion for Thermally Driven, Buoy.pdf}
}

@inproceedings{silde2007,
  location = {{Toronto, Canada}},
  title = {Experimental and {{Numerical Studies}} of {{Liquid Dispersal}} from a {{Soft Projectile Impacting}} a {{Wall}}},
  url = {http://www.lib.ncsu.edu/resolver/1840.20/31215},
  eventtitle = {19th {{International Conference}} on {{Structural Mechanics}} in {{Reactor Technology}} ({{SMiRT}} 19)},
  series = {J04 - {{Analysis}} of {{Detonation}} and {{Explosion Phenomenon}}},
  publisher = {{International Association for Structural Mechanics in Reactor Technology (IASMiRT)}},
  date = {2007-08-12},
  pages = {J04/5},
  author = {Silde, Ari and Hostikka, Simo and Kankkunen, Ari and Hyvärinen, Juhani and Hakola, Ilkka},
  file = {/home/marc/Zotero/storage/CBRTITZ7/Silde et al. - 2007 - Experimental and Numerical Studies of Liquid Dispe.pdf}
}

@inproceedings{silde2009,
  location = {{Espoo (Helsinki), Finland}},
  title = {Studies of {{Liquid Dispersal}} from a {{Missile Impacting}} a {{Wall}}},
  url = {http://www.lib.ncsu.edu/resolver/1840.20/23733},
  eventtitle = {20th {{International Conference}} on {{Structural Mechanics}} in {{Reactor Technology}} ({{SMiRT}} 20)},
  series = {05-3c - {{Dynamic Response}} - {{Impact}}},
  publisher = {{International Association for Structural Mechanics in Reactor Technology (IASMiRT)}},
  date = {2009-08-09},
  pages = {2050},
  author = {Silde, Ari and Kankkunen, Ari and Juntunen, Juha},
  file = {/home/marc/Zotero/storage/9YHTBT8D/Silde et al. - 2009 - Studies of Liquid Dispersal from a Missile Impacti.pdf}
}

@article{sikanen2017,
  title = {Numerical simulations of liquid spreading and fires following an aircraft impact},
  volume = {318},
  issn = {0029-5493},
  doi = {10.1016/j.nucengdes.2017.04.012},
  journaltitle = {Nuclear Engineering and Design},
  shortjournal = {Nuclear Engineering and Design},
  date = {2017-07-01},
  pages = {147-162},
  keywords = {Fireball,Fuel pooling,Nuclear power plant,Physical separation,Plane crash},
  author = {Sikanen, Topi and Hostikka, Simo},
  file = {/home/marc/Zotero/storage/YWPAK8YS/Sikanen and Hostikka - 2017 - Numerical simulations of liquid spreading and fire.pdf}
}

@article{ramirez-munoz2007,
  title = {Hydrodynamic force on interactive spherical particles due to the wake effect},
  volume = {33},
  issn = {0301-9322},
  doi = {10.1016/j.ijmultiphaseflow.2006.12.009},
  number = {7},
  journaltitle = {International Journal of Multiphase Flow},
  shortjournal = {International Journal of Multiphase Flow},
  date = {2007-07-01},
  pages = {802-807},
  keywords = {Added mass force,Inertial hydrodynamic force,Quasi-steady drag reduction,Wake effect},
  author = {Ramírez-Muñoz, Jorge and Soria, Alberto and Salinas-Rodríguez, Elizabeth},
  file = {/home/marc/Zotero/storage/J3J8EMI9/Ramírez-Muñoz et al. - 2007 - Hydrodynamic force on interactive spherical partic.pdf}
}

@book{crowe2011,
  title = {Multiphase {{Flows}} with {{Droplets}} and {{Particles}}},
  isbn = {978-0-429-10639-2},
  url = {https://www.taylorfrancis.com/books/9780429106392},
  publisher = {{CRC Press}},
  urldate = {2019-09-16},
  date = {2011-08-26},
  author = {Crowe, Clayton T. and Schwarzkopf, John D. and Sommerfeld, Martin and Tsuji, Yutaka and Schwarzkopf, John D. and Sommerfeld, Martin and Tsuji, Yutaka},
  file = {/home/marc/Zotero/storage/S7TPW5AT/Crowe et al. - 2011 - Multiphase Flows with Droplets and Particles.pdf},
  doi = {10.1201/b11103}
}

@incollection{calonius2009,
  title = {{{IMPACT2010}} ({{IMPACT}}) and {{Structures}} under soft impact ({{SUSI}})},
  url = {https://www.vtt.fi/inf/pdf/tiedotteet/2009/T2466.pdf},
  number = {2466},
  booktitle = {{{SAFIR2010}}, {{The Finnish Research Programme}} on {{Nuclear Power Plant Safety}} 2007-2010, {{Interim Report}}},
  series = {{{VTT Tiedotteita Research Notes}}},
  date = {2009},
  pages = {446-473},
  author = {Calonius, Kim and Hakola, Ilkka and Hostikka, Simo and Kuutti, Juha and Lastunen, Auli and Martikainen, Hannu and Saarenheimo, Arja and Silde, Ari and Tuomala, Markku and Kankkunen, Ari},
  editor = {Puska, Eija Karita},
  file = {/home/marc/Zotero/storage/QZI56ZTQ/Calonius et al. - 2009 - IMPACT2010 (IMPACT) and Structures under soft impa.pdf}
}

@incollection{calonius2011,
  title = {{{IMPACT2010}} ({{IMPACT}}) and {{Structures}} under soft impact ({{SUSI}})},
  url = {https://www.vtt.fi/inf/pdf/tiedotteet/2011/T2571.pdf},
  number = {2571},
  booktitle = {{{SAFIR2010}}, {{The Finnish Research Programme}} on {{Nuclear Power Plant Safety}} 2007-2010, {{Final Report}}},
  series = {{{VTT Tiedotteita Research Notes}}},
  date = {2011},
  pages = {490-519},
  author = {Calonius, Kim and Hakola, Ilkka and Hostikka, Simo and Saarenheimo, Arja and Silde, Ari and Vepsä, Ari and Tuomala, Markku},
  editor = {Puska, Eija Karita and Suolanen, Vesa},
  file = {/home/marc/Zotero/storage/Q93G8N3A/Calonius et al. - 2011 - IMPACT2010 (IMPACT) and Structures under soft impa.pdf}
}

@inproceedings{sakai2014,
  title = {Development of {{Evaluation Method}} for {{Impact}} of {{Aircraft Fuel Explosion}} and {{Fire}} on {{BWR Reactor Building}}},
  doi = {10.1115/ICONE22-30699},
  eventtitle = {2014 22nd {{International Conference}} on {{Nuclear Engineering}}},
  publisher = {{American Society of Mechanical Engineers Digital Collection}},
  date = {2014-11-17},
  pages = {V004T10A030},
  author = {Sakai, Norio and Shoji, Yoshihiro and Jimbo, Masakazu and Tanaka, Nobuhiko},
  file = {/home/marc/Zotero/storage/5VV9H4YK/Sakai et al. - 2014 - Development of Evaluation Method for Impact of Air.pdf}
}

@article{droste1999,
  title = {Impact of an {{Exploding LPG Rail Tank Car Onto}} a {{Castor Spent Fuel Cask}}},
  volume = {10},
  issn = {0957-476X},
  doi = {10.1179/rmt.1999.10.4.231},
  number = {4},
  journaltitle = {International Journal of Radioactive Materials Transport},
  shortjournal = {International Journal of Radioactive Materials Transport},
  date = {1999-10-25},
  pages = {231-240},
  author = {Droste, Bernhard and Probst, Ulrich and Heller, W.},
  file = {/home/marc/Zotero/storage/RQG2TZNN/Droste et al. - 1999 - Impact of an Exploding LPG Rail Tank Car Onto a Ca.pdf}
}

@article{luther2009,
  title = {{{FDS}} simulation of the fuel fireball from a hypothetical commercial airliner crash on a generic nuclear power plant},
  volume = {239},
  issn = {0029-5493},
  doi = {10.1016/j.nucengdes.2009.04.018},
  number = {10},
  journaltitle = {Nuclear Engineering and Design},
  shortjournal = {Nuclear Engineering and Design},
  date = {2009-10},
  pages = {2056-2069},
  author = {Luther, Wolfgang and Müller, W. Christoph},
  file = {/home/marc/Zotero/storage/VJDPJRXY/Luther and Müller - 2009 - FDS simulation of the fuel fireball from a hypothe.pdf}
}

@article{baum2005,
  title = {A simple model of the {{World Trade Center}} fireball dynamics},
  volume = {30},
  issn = {1540-7489},
  doi = {10.1016/j.proci.2004.08.125},
  number = {2},
  journaltitle = {Proceedings of the Combustion Institute},
  shortjournal = {Proceedings of the Combustion Institute},
  date = {2005-01},
  pages = {2247-2254},
  keywords = {Fireball,Fires,Flame spread,Fluid mechanics,Safety},
  author = {Baum, Howard R. and Rehm, Ronald G.},
  file = {/home/marc/Zotero/storage/8JZR7GBQ/Baum and Rehm - 2005 - A simple model of the World Trade Center fireball .pdf}
}

@article{sellami2018,
  title = {{{BLEVE}} fireball modeling using {{Fire Dynamics Simulator}} ({{FDS}}) in an {{Algerian}} gas industry},
  volume = {54},
  issn = {0950-4230},
  doi = {10.1016/j.jlp.2018.02.010},
  journaltitle = {Journal of Loss Prevention in the Process Industries},
  shortjournal = {Journal of Loss Prevention in the Process Industries},
  date = {2018-07},
  pages = {69-84},
  keywords = {Fireball,BLEVE,CFD,FDS,LES,QRA},
  author = {Sellami, Ilyas and Manescau, Brady and Chetehouna, Khaled and de Izarra, Charles and Nait-Said, Rachid and Zidani, Fatiha},
  options = {useprefix=true},
  file = {/home/marc/Zotero/storage/SQ5GU7VV/Sellami et al. - 2018 - BLEVE fireball modeling using Fire Dynamics Simula.pdf}
}

@article{field1989,
  title = {The effects of target compliance on liquid drop impact},
  volume = {65},
  issn = {0021-8979},
  doi = {10.1063/1.343136},
  number = {2},
  journaltitle = {Journal of Applied Physics},
  shortjournal = {Journal of Applied Physics},
  date = {1989-01-15},
  pages = {533-540},
  author = {Field, J. E. and Dear, J. P. and Ogren, J. E.},
  file = {/home/marc/Zotero/storage/KBWFX9SL/Field et al. - 1989 - The effects of target compliance on liquid drop im.pdf}
}

@article{saarenheimo2009,
  title = {Experimental and numerical studies on projectile impacts},
  volume = {42},
  journaltitle = {Journal of Structural Mechanics},
  shortjournal = {Journal of Structural Mechanics},
  date = {2009-01-01},
  pages = {1-37},
  author = {Saarenheimo, Arja and Tuomala, Markku and Calonius, Kim and Hakola, Ilkka and Hostikka, Simo and Silde, Ari},
  file = {/home/marc/Zotero/storage/QJYYTAVH/Saarenheimo et al. - 2009 - Experimental and numerical studies on projectile i.pdf}
}

@inproceedings{axtmann2016,
  title = {Scalability of {{OpenFOAM}} with {{Large Eddy Simulations}} and {{DNS}} on {{High}}-{{Performance Systems}}},
  isbn = {978-3-319-47066-5},
  booktitle = {High {{Performance Computing}} in {{Science}} and {{Engineering}} ´16},
  publisher = {{Springer International Publishing}},
  date = {2016},
  pages = {413-424},
  keywords = {Filter Width,Intel Compiler,Large Eddy Simulation,Line Integral Convolution,Weak Scaling},
  author = {Axtmann, Gabriel and Rist, Ulrich},
  editor = {Nagel, Wolfgang E. and Kröner, Dietmar H. and Resch, Michael M.},
  file = {/home/marc/Zotero/storage/29PBQG7Y/Axtmann and Rist - 2016 - Scalability of OpenFOAM with Large Eddy Simulation.pdf}
}

@inproceedings{zhang2015,
  title = {Direct {{Numerical Simulation}} of {{Chemically Reacting Flows}} with the {{Public Domain Code OpenFOAM}}},
  isbn = {978-3-319-10810-0},
  booktitle = {High {{Performance Computing}} in {{Science}} and {{Engineering}} ‘14},
  publisher = {{Springer International Publishing}},
  date = {2015},
  pages = {221-236},
  keywords = {Large Eddy Simulation,Burning Velocity,Direct Numerical Simulation,Flame Front,Flame Propagation},
  author = {Zhang, Feichi and Bonart, Henning and Zirwes, Thorsten and Habisreuther, Peter and Bockhorn, Henning and Zarzalis, Nikolaos},
  editor = {Nagel, Wolfgang E. and Kröner, Dietmar H. and Resch, Michael M.},
  file = {/home/marc/Zotero/storage/HVDD2T39/Zhang et al. - 2015 - Direct Numerical Simulation of Chemically Reacting.pdf}
}

@incollection{ibarreta2016,
  location = {{New York, NY}},
  title = {{{BLEVES}} and {{Fireballs}}},
  edition = {Fifth},
  isbn = {978-1-4939-2564-3 978-1-4939-2565-0},
  url = {http://link.springer.com/10.1007/978-1-4939-2565-0},
  booktitle = {{{SFPE Handbook}} of {{Fire Protection Engineering}}},
  publisher = {{Springer New York}},
  urldate = {2018-04-18},
  date = {2016},
  pages = {2792-2816},
  author = {Ibarreta, Alfonso and Biteau, Hubert and Sutula, Jason},
  editor = {Hurley, Morgan J. and Gottuk, Daniel and Hall, John R. and Harada, Kazunori and Kuligowski, Erica and Puchovsky, Milosh and Torero, José and Watts, John M. and Wieczorek, Christopher},
  doi = {10.1007/978-1-4939-2565-0}
}

@article{mitchell2014,
  title = {A {{Comparison}} of \textit{hp}-{{Adaptive Strategies}} for {{Elliptic Partial Differential Equations}}},
  volume = {41},
  issn = {0098-3500},
  doi = {10.1145/2629459},
  number = {1},
  journaltitle = {ACM Trans. Math. Softw.},
  date = {2014-10},
  pages = {2:1--2:39},
  keywords = {Adaptive mesh refinement,hp-adaptive strategy,hp-FEM},
  author = {Mitchell, William F. and McClain, Marjorie A.},
  file = {/home/marc/Zotero/storage/3RC5VY8U/Mitchell and McClain - 2014 - A Comparison of hp-Adaptive Strategies for Ellipti.pdf}
}

@article{eibner2007,
  langid = {english},
  title = {An adaptive strategy for \textit{hp}-{{FEM}} based on testing for analyticity},
  volume = {39},
  issn = {1432-0924},
  doi = {10.1007/s00466-006-0107-0},
  number = {5},
  journaltitle = {Computational Mechanics},
  shortjournal = {Comput Mech},
  date = {2007-04-01},
  pages = {575-595},
  keywords = {Adaptivity,hp-FEM,Orthogonal polynomials on triangles and tetrahedra},
  author = {Eibner, T. and Melenk, J. M.},
  file = {/home/marc/Zotero/storage/E2RNSG5X/Eibner and Melenk - 2007 - An adaptive strategy for hp-FEM based on testing f.pdf}
}

@article{ainsworth1998,
  title = {An adaptive refinement strategy for \textit{hp}-finite element computations},
  volume = {26},
  issn = {0168-9274},
  doi = {10.1016/S0168-9274(97)00083-4},
  number = {1},
  journaltitle = {Applied Numerical Mathematics},
  shortjournal = {Applied Numerical Mathematics},
  date = {1998-01-01},
  pages = {165-178},
  keywords = {-version finite element method,Adaptive solution algorithm},
  author = {Ainsworth, Mark and Senior, Bill},
  file = {/home/marc/Zotero/storage/5W5PRFXP/Ainsworth and Senior - 1998 - An adaptive refinement strategy for hp-finite elem.pdf}
}

@article{ainsworth1997,
  title = {Aspects of an adaptive \textit{hp}-finite element method: {{Adaptive}} strategy, conforming approximation and efficient solvers},
  volume = {150},
  issn = {0045-7825},
  doi = {10.1016/S0045-7825(97)00101-1},
  shorttitle = {Aspects of an adaptive hp-finite element method},
  number = {1},
  journaltitle = {Computer Methods in Applied Mechanics and Engineering},
  shortjournal = {Computer Methods in Applied Mechanics and Engineering},
  series = {Symposium on {{Advances}} in {{Computational Mechanics}}},
  date = {1997-12-01},
  pages = {65-87},
  author = {Ainsworth, Mark and Senior, Bill},
  file = {/home/marc/Zotero/storage/ZSK5IHUL/Ainsworth and Senior - 1997 - Aspects of an adaptive hp-finite element method A.pdf}
}

@article{bernardi2001,
  title = {An error indicator for mortar element solution to the {{Stokes}} problem},
  volume = {21},
  doi = {10.1093/imanum/21.4.857},
  journaltitle = {IMA J. Numer. Anal.},
  shortjournal = {IMA J. Numer. Anal.},
  date = {2001-10-01},
  author = {Bernardi, Christine and Fietier, Nicolas and Owens, Robert},
  file = {/home/marc/Zotero/storage/549YFB63/Bernardi et al. - 2001 - An error indicator for mortar element solution to .pdf}
}

@article{heuveline2003,
  title = {Duality-{{Based Adaptivity}} in the \textit{hp}-{{Finite Element Method}}},
  volume = {11},
  doi = {10.1163/156939503766614126},
  journaltitle = {Journal of Numerical Mathematics - J NUMER MATH},
  shortjournal = {Journal of Numerical Mathematics - J NUMER MATH},
  date = {2003-06-01},
  pages = {95-113},
  author = {Heuveline, V. and Rannacher, R.},
  file = {/home/marc/Zotero/storage/KGHML2BC/Heuveline and Rannacher - 2003 - Duality-Based Adaptivity in the hp-Finite Element .pdf}
}

@article{guo1986,
  langid = {english},
  title = {The \textit{h-p} version of the finite element method, part 1: {{The}} basic approximation results},
  volume = {1},
  issn = {1432-0924},
  doi = {10.1007/BF00298636},
  number = {1},
  journaltitle = {Computational Mechanics},
  shortjournal = {Computational Mechanics},
  date = {1986-03-01},
  pages = {21-41},
  keywords = {Analytic Data,Approximation Result,Exponential Rate,Finite Element Method,Information Theory},
  author = {Guo, B. and Babuška, I.},
  file = {/home/marc/Zotero/storage/WSQ7VMPS/Guo and Babuška - 1986 - The h-p version of the finite element method, part.pdf}
}

@article{babuska1987,
  title = {The \textit{h-p} {{Version}} of the {{Finite Element Method}} with {{Quasiuniform Meshes}}},
  volume = {21},
  doi = {10.1051/m2an/1987210201991},
  journaltitle = {Journal of Multivariate Analysis - MA},
  shortjournal = {Journal of Multivariate Analysis - MA},
  date = {1987-01-01},
  author = {Babuska, I. and Suri, Manil},
  file = {/home/marc/Zotero/storage/S6FQRDG5/Babuska and Suri - 1987 - The h-p Version of the Finite Element Method with .pdf}
}

@article{babuska1990,
  title = {The p- and h-p versions of the finite element method, an overview},
  volume = {80},
  issn = {0045-7825},
  doi = {10.1016/0045-7825(90)90011-A},
  number = {1},
  journaltitle = {Computer Methods in Applied Mechanics and Engineering},
  shortjournal = {Computer Methods in Applied Mechanics and Engineering},
  date = {1990-06-01},
  pages = {5-26},
  author = {Babuška, Ivo and Suri, Manil},
  file = {/home/marc/Zotero/storage/GL8ZM6DT/Babuška and Suri - 1990 - The p- and h-p versions of the finite element meth.pdf}
}

@article{mavriplis1994,
  title = {Adaptive mesh strategies for the spectral element method},
  volume = {116},
  issn = {0045-7825},
  doi = {10.1016/S0045-7825(94)80010-3},
  number = {1},
  journaltitle = {Computer Methods in Applied Mechanics and Engineering},
  shortjournal = {Computer Methods in Applied Mechanics and Engineering},
  date = {1994-01-01},
  pages = {77-86},
  author = {Mavriplis, Catherine},
  file = {/home/marc/Zotero/storage/R5GITHZR/Mavriplis - 1994 - Adaptive mesh strategies for the spectral element .pdf}
}

@article{guo2006,
  title = {The optimal convergence of the \textit{h–p} version of the boundary element method with quasiuniform meshes for elliptic problems on polygonal domains},
  volume = {24},
  doi = {10.1007/s10444-004-7618-z},
  journaltitle = {Advances in Computational Mathematics},
  shortjournal = {Advances in Computational Mathematics},
  date = {2006-01-01},
  pages = {353-374},
  author = {Guo, Benqi and Heuer, Norbert},
  file = {/home/marc/Zotero/storage/LCI29BMM/Guo and Heuer - 2006 - The optimal convergence of the h–p version of the .pdf}
}

@article{arndt2019,
  title = {The deal.{{II Library}}, {{Version}} 9.1},
  issn = {1570-2820},
  doi = {10.1515/jnma-2019-0064},
  journaltitle = {Journal of Numerical Mathematics},
  date = {2019},
  author = {Arndt, Daniel and Bangerth, Wolfgang and Clevenger, Thomas C. and Davydov, Denis and Fehling, Marc and Garcia-Sanchez, Daniel and Harper, Graham and Heister, Timo and Heltai, Luca and Kronbichler, Martin and Maguire, Kynch Ross and Maier, Matthias and Pelteret, Jean-Paul and Turcksin, Bruno and Wells, David},
  file = {/home/marc/Zotero/storage/FHLQTVL4/Arndt et al. - 2019 - The deal.II Library, Version 9.1.pdf},
  note = {accepted}
}

@article{heroux2005,
  title = {An {{Overview}} of the {{Trilinos Project}}},
  volume = {31},
  issn = {0098-3500},
  doi = {10.1145/1089014.1089021},
  number = {3},
  journaltitle = {ACM Trans. Math. Softw.},
  date = {2005-09},
  pages = {397--423},
  keywords = {interfaces,Software framework,Software Quality Engineering},
  author = {Heroux, Michael A. and Bartlett, Roscoe A. and Howle, Vicki E. and Hoekstra, Robert J. and Hu, Jonathan J. and Kolda, Tamara G. and Lehoucq, Richard B. and Long, Kevin R. and Pawlowski, Roger P. and Phipps, Eric T. and Salinger, Andrew G. and Thornquist, Heidi K. and Tuminaro, Ray S. and Willenbring, James M. and Williams, Alan and Stanley, Kendall S.},
  file = {/home/marc/Zotero/storage/Y2Q372X6/Heroux et al. - 2005 - An Overview of the Trilinos Project.pdf}
}

@book{quintiere2006,
  langid = {english},
  location = {{Chichester}},
  title = {Fundamentals of {{Fire Phenomena}}},
  edition = {1 edition},
  isbn = {978-0-470-09113-5},
  pagetotal = {460},
  publisher = {{Wiley}},
  date = {2006-04-21},
  author = {Quintiere, James G.},
  file = {/home/marc/Zotero/storage/DMLW5IWM/Quintiere - 2006 - Fundamentals of Fire Phenomena.pdf}
}

@thesis{boltersdorf2017,
  langid = {english},
  title = {Ausarbeitung und {{Vergleich}} verschiedener {{Gitterverfeinerungsstrategien}} hinsichtlich der parallelen {{Performance}} eines {{Brandsimulationsprogramms}} mit adaptiver {{Gitterverfeinerung}}},
  url = {https://juser.fz-juelich.de/record/842585},
  institution = {{Masterarbeit, Fachhochschule Aachen, 2017}},
  urldate = {2019-09-17},
  date = {2017},
  author = {Boltersdorf, Jana},
  file = {/home/marc/Zotero/storage/ICIYS4ZN/Boltersdorf - 2017 - Ausarbeitung und Vergleich verschiedener Gitterver.pdf}
}

@thesis{kumar2016,
  langid = {english},
  title = {Investigation of density in {{Buoyancy Flows}} using {{CFD}} code {{JuFire}}},
  url = {https://juser.fz-juelich.de/record/819869},
  institution = {{BUW Wuppertal, Masterarbeit, 2016}},
  urldate = {2019-09-17},
  date = {2016},
  author = {Kumar, Pankaj},
  file = {/home/marc/Zotero/storage/TMDFTQRG/Kumar - 2016 - Investigation of density in Buoyancy Flows using C.pdf}
}

@thesis{krampf2018,
  title = {Charakterisierung der {{Liftoff Phase}} partikelbasierter {{Feuerbälle}}},
  institution = {{BUW Wuppertal, Masterarbeit, 2018}},
  date = {2018-04-26},
  author = {Krampf, Michael},
  file = {/home/marc/Zotero/storage/BFETM9ZT/Krampf - 2018 - Charakterisierung der Liftoff Phase partikelbasier.pdf}
}

@thesis{andresen2014,
  title = {{{CFD}}-{{Simulationen}} zur {{Ermittlung}} aerodynamischer {{Kraftbeiwerte}}},
  institution = {{BUW Wuppertal, Masterarbeit, 2014}},
  date = {2014-10},
  author = {Andresen, Erik},
  file = {/home/marc/Zotero/storage/233CK89Q/Andresen - 2014 - CFD-Simulationen zur Ermittlung aerodynamischer Kr.pdf}
}

@thesis{meunders2016,
  langid = {english},
  title = {A study on buoyancy-driven flows: {{Using}} particle image velocimetry for validating the {{Fire Dynamics Simulator}}},
  url = {https://juser.fz-juelich.de/record/819932},
  shorttitle = {A study on buoyancy-driven flows},
  institution = {{Forschungszentrum Jülich GmbH Zentralbibliothek, Verlag}},
  urldate = {2019-09-17},
  date = {2016},
  author = {Meunders, Andreas},
  file = {/home/marc/Zotero/storage/S43QAPU8/Meunders - 2016 - A study on buoyancy-driven flows Using particle i.pdf}
}

@thesis{kusters2018,
  langid = {english},
  title = {Real-{{Time Simulation}} and {{Prognosis}} of {{Smoke Propagation}} in {{Compartments Using}} a {{GPU}}},
  url = {https://juser.fz-juelich.de/record/860655},
  institution = {{Forschungszentrum Jülich GmbH Zentralbibliothek, Verlag}},
  urldate = {2019-09-17},
  date = {2018},
  author = {Küsters, Anne},
  file = {/home/marc/Zotero/storage/RYRT4CQK/Küsters - 2018 - Real-Time Simulation and Prognosis of Smoke Propag.pdf}
}

@thesis{schroder2017,
  langid = {english},
  title = {Multivariate {{Methods}} for {{Life Safety Analysis}} in {{Case}} of {{Fire}}},
  url = {https://juser.fz-juelich.de/record/838011},
  institution = {{Forschungszentrum Jülich GmbH Zentralbibliothek, Verlag}},
  urldate = {2019-09-17},
  date = {2017},
  author = {Schröder, Benjamin},
  file = {/home/marc/Zotero/storage/4IISGEMY/Schröder - 2017 - Multivariate Methods for Life Safety Analysis in C.pdf}
}

@thesis{holl2016,
  langid = {english},
  title = {Methoden für die {{Bemessung}} der {{Leistungsfähigkeit}} multidirektional genutzter {{Fußverkehrsanlagen}}},
  url = {https://juser.fz-juelich.de/record/825757},
  institution = {{Forschungszentrum Jülich GmbH Zentralbibliothek, Verlag}},
  urldate = {2019-09-17},
  date = {2016},
  author = {Holl, Stefan},
  file = {/home/marc/Zotero/storage/22PBVZ6W/Holl - 2016 - Methoden für die Bemessung der Leistungsfähigkeit .pdf}
}

@thesis{andresen2018,
  langid = {english},
  title = {Wayfinding and {{Perception Abilities}} for {{Pedestrian Simulations}}},
  url = {https://juser.fz-juelich.de/record/859864},
  institution = {{Forschungszentrum Jülich GmbH Zentralbibliothek, Verlag}},
  urldate = {2019-09-17},
  date = {2018},
  author = {Andresen, Erik},
  file = {/home/marc/Zotero/storage/9QKKWF7Q/Andresen - 2018 - Wayfinding and Perception Abilities for Pedestrian.pdf}
}

@thesis{gassner2009,
  langid = {english},
  title = {Discontinuous {{Galerkin}} methods for the unsteady compressible {{Navier}}-{{Stokes}} equations},
  url = {http://elib.uni-stuttgart.de/handle/11682/3805},
  type = {Dissertation},
  urldate = {2019-09-17},
  date = {2009},
  author = {Gassner, Gregor},
  file = {/home/marc/Zotero/storage/5F2G5GCE/Gassner - 2009 - Discontinuous Galerkin methods for the unsteady co.pdf},
  doi = {10.18419/opus-3788},
  isbn = {978-3-86853-011-7}
}

@thesis{dubcova2010,
  title = {hp-{{FEM}} for coupled problems in fluid dynamics},
  url = {https://is.cuni.cz/webapps/zzp/download/150000104},
  institution = {{Charles University Prague}},
  type = {Dissertation},
  date = {2010},
  author = {Dubcová, Lenka},
  file = {/home/marc/Zotero/storage/3PTQSBSY/Dubcová - 2010 - hp-FEM for coupled problems in fluid dynamics.pdf}
}

@thesis{demontlaur2009,
  title = {High-order discontinuous {{Galerkin}} methods for incompressible flows},
  url = {http://147.83.70.54/sites/default/files/AdelineThesis.pdf},
  institution = {{Escola Politècnica Superior de Castelldefels}},
  type = {Dissertation},
  date = {2009},
  author = {de Montlaur, Adeline},
  options = {useprefix=true},
  file = {/home/marc/Zotero/storage/DQ99LLBB/de Montlaur - 2009 - High-order discontinuous Galerkin methods for inco.pdf}
}

@thesis{richter2005,
  langid = {english},
  title = {Parallel {{Multigrid Method}} for {{Adaptive Finite Elements}} with {{Application}} to {{3D Flow Problems}}},
  url = {https://archiv.ub.uni-heidelberg.de/volltextserver/5743/},
  institution = {{Ruprecht-Karls-Universität Heidelberg}},
  type = {Dissertation},
  urldate = {2019-09-17},
  date = {2005},
  author = {Richter, Thomas},
  file = {/home/marc/Zotero/storage/NZA5RHSX/Richter - 2005 - Parallel Multigrid Method for Adaptive Finite Elem.pdf},
  doi = {10.11588/heidok.00005743}
}

@article{berger1984,
  title = {Adaptive mesh refinement for hyperbolic partial differential equations},
  volume = {53},
  issn = {0021-9991},
  doi = {10.1016/0021-9991(84)90073-1},
  number = {3},
  journaltitle = {Journal of Computational Physics},
  shortjournal = {Journal of Computational Physics},
  date = {1984-03-01},
  pages = {484-512},
  author = {Berger, Marsha J and Oliger, Joseph},
  file = {/home/marc/Zotero/storage/BXPSW2GC/Berger and Oliger - 1984 - Adaptive mesh refinement for hyperbolic partial di.pdf}
}

@article{botti2010,
  title = {An adaptive mesh refinement solver for large‐scale simulation of biological flows},
  volume = {26},
  doi = {10.1002/cnm.1257},
  journaltitle = {International Journal for Numerical Methods in Biomedical Engineering},
  shortjournal = {International Journal for Numerical Methods in Biomedical Engineering},
  date = {2010-01-01},
  pages = {86-100},
  author = {Botti, Lorenzo and Piccinelli, Marina and Ene-Iordache, Bogdan and Remuzzi, Andrea and Antiga, Luca},
  file = {/home/marc/Zotero/storage/NMKAGMXC/Botti et al. - 2010 - An adaptive mesh refinement solver for large‐scale.pdf}
}

@article{lohner1987,
  langid = {english},
  title = {Finite elements in {{CFD}}: {{What}} lies ahead},
  volume = {24},
  issn = {1097-0207},
  doi = {10.1002/nme.1620240910},
  shorttitle = {Finite elements in {{CFD}}},
  number = {9},
  journaltitle = {International Journal for Numerical Methods in Engineering},
  date = {1987},
  pages = {1741-1756},
  author = {Löhner, R.},
  file = {/home/marc/Zotero/storage/AL58BMCV/Löhner - 1987 - Finite elements in CFD What lies ahead.pdf}
}

@article{onate1993,
  langid = {english},
  title = {A study of mesh optimality criteria in adaptive finite element analysis},
  issn = {0264-4401},
  doi = {10.1108/eb023910},
  journaltitle = {Engineering Computations},
  date = {1993-04-01},
  author = {Oñate, E. and Bugeda, G.},
  file = {/home/marc/Zotero/storage/BBLW76PX/Oñate and Bugeda - 1993 - A study of mesh optimality criteria in adaptive fi.pdf}
}

@article{bangerth2017,
  title = {On {{Hanging Node Constraints}} for {{Nonconforming Finite Elements}} using the {{Douglas}}--{{Santos}}--{{Sheen}}--{{Ye Element}} as an {{Example}}},
  volume = {55},
  doi = {10.1137/16M1071432},
  journaltitle = {SIAM Journal on Numerical Analysis},
  shortjournal = {SIAM Journal on Numerical Analysis},
  date = {2017-01-01},
  pages = {1719-1739},
  author = {Bangerth, Wolfgang and Kim, Imbunm and Sheen, Dongwoo and Yim, Jaeryun},
  file = {/home/marc/Zotero/storage/CT2QKDG5/Bangerth et al. - 2017 - On Hanging Node Constraints for Nonconforming Fini.pdf}
}

@inproceedings{kormann2011,
  title = {Parallel {{Finite Element Operator Application}}: {{Graph Partitioning}} and {{Coloring}}},
  doi = {10.1109/eScience.2011.53},
  shorttitle = {Parallel {{Finite Element Operator Application}}},
  eventtitle = {2011 {{IEEE Seventh International Conference}} on {{eScience}}},
  booktitle = {2011 {{IEEE Seventh International Conference}} on {{eScience}}},
  date = {2011-12},
  pages = {332-339},
  keywords = {data structures,finite element analysis,graph coloring,graph colouring,graph partitioning,hexahedral elements,Image color analysis,Jacobian matrices,local shape function evaluation,mathematics computing,matrix-free implementation,Memory management,parallel finite element operator application,parallel processing,Parallel processing,polynomial matrices,polynomial order,Program processors,quantum dynamics,Schrodinger equation,Schroedinger equation,shared memory parallelization,shared memory systems,shared-memory parallelization,sparse matrices,Sparse matrices,sparse matrix,spectral element method,sum-factorization,tensor-product form,tensors,Vectors},
  author = {Kormann, K. and Kronbichler, M.},
  file = {/home/marc/Zotero/storage/V29KCP8V/Kormann and Kronbichler - 2011 - Parallel Finite Element Operator Application Grap.pdf}
}

@article{kronbichler2012,
  title = {A generic interface for parallel cell-based finite element operator application},
  volume = {63},
  issn = {0045-7930},
  doi = {10.1016/j.compfluid.2012.04.012},
  journaltitle = {Computers \& Fluids},
  shortjournal = {Computers \& Fluids},
  date = {2012-06-30},
  pages = {135-147},
  keywords = {Finite/spectral element method,Hybrid parallelization,Matrix-free method,Sum-factorization},
  author = {Kronbichler, Martin and Kormann, Katharina},
  file = {/home/marc/Zotero/storage/A5RAAJAQ/Kronbichler and Kormann - 2012 - A generic interface for parallel cell-based finite.pdf}
}

@article{guermond2018,
  title = {Second-{{Order Invariant Domain Preserving Approximation}} of the {{Euler Equations Using Convex Limiting}}},
  volume = {40},
  issn = {1064-8275},
  doi = {10.1137/17M1149961},
  number = {5},
  journaltitle = {SIAM Journal on Scientific Computing},
  shortjournal = {SIAM J. Sci. Comput.},
  date = {2018-01-01},
  pages = {A3211-A3239},
  author = {Guermond, J. and Nazarov, M. and Popov, B. and Tomas, I.},
  file = {/home/marc/Zotero/storage/PK3JVVFR/Guermond et al. - 2018 - Second-Order Invariant Domain Preserving Approxima.pdf}
}

@article{chalmers2019,
  title = {A parallel \textit{hp}-adaptive high order discontinuous {{Galerkin}} method for the incompressible {{Navier}}-{{Stokes}} equations},
  volume = {2},
  issn = {2590-0552},
  doi = {10.1016/j.jcpx.2019.100023},
  journaltitle = {Journal of Computational Physics: X},
  shortjournal = {Journal of Computational Physics: X},
  date = {2019-03-01},
  pages = {100023},
  keywords = {Adaptive,Discontinuous Galerkin method,High-order,Incompressible flow,Navier-Stokes equations,Spectral element method},
  author = {Chalmers, N. and Agbaglah, G. and Chrust, M. and Mavriplis, C.},
  file = {/home/marc/Zotero/storage/IGYTG4QE/Chalmers et al. - 2019 - A parallel hp-adaptive high order discontinuous Ga.pdf}
}

@article{daniel2018,
  archivePrefix = {arXiv},
  eprinttype = {arxiv},
  eprint = {1712.09821},
  title = {An adaptive \textit{hp}-refinement strategy with computable guaranteed bound on the error reduction factor},
  volume = {76},
  issn = {08981221},
  doi = {10.1016/j.camwa.2018.05.034},
  number = {5},
  journaltitle = {Computers \& Mathematics with Applications},
  shortjournal = {Computers \& Mathematics with Applications},
  date = {2018-09},
  pages = {967-983},
  keywords = {65N30; 65N15; 65N50,Mathematics - Numerical Analysis},
  author = {Daniel, Patrik and Ern, Alexandre and Smears, Iain and Vohralík, Martin},
  file = {/home/marc/Zotero/storage/TDFR8QQP/Daniel et al. - 2018 - An adaptive hp-refinement strategy with computable.pdf}
}

@book{bronstein2016,
  langid = {Deutsch},
  location = {{Haan-Gruiten}},
  title = {Taschenbuch der Mathematik},
  edition = {10},
  isbn = {978-3-8085-5789-1},
  pagetotal = {1280},
  publisher = {{Europa-Lehrmittel}},
  date = {2016-01-28},
  author = {Bronstein, Ilja N. and Mühlig, Heiner and Musiol, Gerhard and Semendjajew, Konstantin A.},
  file = {/home/marc/Zotero/storage/UCXMN4GS/Bronstein et al. - 2016 - Taschenbuch der Mathematik.djvu}
}

@book{schwabl2006,
  langid = {german},
  location = {{Berlin Heidelberg}},
  title = {Statistische Mechanik},
  edition = {3},
  isbn = {978-3-540-31095-2},
  url = {https://www.springer.com/de/book/9783540310952},
  series = {Springer-Lehrbuch},
  publisher = {{Springer-Verlag}},
  urldate = {2019-09-18},
  date = {2006},
  author = {Schwabl, Franz},
  file = {/home/marc/Zotero/storage/FICMFRDW/Schwabl - 2006 - Statistische Mechanik.pdf}
}

@book{brenner2008,
  langid = {english},
  location = {{New York}},
  title = {The {{Mathematical Theory}} of {{Finite Element Methods}}},
  edition = {3},
  isbn = {978-0-387-75933-3},
  url = {https://www.springer.com/de/book/9780387759333},
  series = {Texts in {{Applied Mathematics}}},
  publisher = {{Springer-Verlag}},
  urldate = {2019-09-18},
  date = {2008},
  author = {Brenner, Susanne and Scott, Ridgway},
  file = {/home/marc/Zotero/storage/NCJQZNN2/Brenner and Scott - 2008 - The Mathematical Theory of Finite Element Methods.pdf}
}

@book{kincaid2001,
  langid = {Englisch},
  location = {{Pacific Grove, CA}},
  title = {Numerical Analysis: Mathematics of Scientific Computing},
  edition = {3},
  isbn = {978-0-534-38905-5},
  shorttitle = {Numerical Analysis},
  pagetotal = {788},
  publisher = {{Thomson Learning}},
  date = {2001-11-01},
  author = {Kincaid, David and Cheney, Ward},
  file = {/home/marc/Zotero/storage/U3JHXYVX/Kincaid and Cheney - 2001 - Numerical Analysis Mathematics of Scientific Comp.pdf}
}

@book{hairer1993,
  langid = {english},
  location = {{Berlin Heidelberg}},
  title = {Solving {{Ordinary Differential Equations I}}: {{Nonstiff Problems}}},
  edition = {2},
  isbn = {978-3-540-56670-0},
  url = {https://www.springer.com/gp/book/9783540566700},
  shorttitle = {Solving {{Ordinary Differential Equations I}}},
  series = {Springer {{Series}} in {{Computational Mathematics}}, {{Springer Ser}}.{{Comp}}.{{Mathem}}. {{Hairer}},{{E}}.:{{Solving Ordinary Diff}}.},
  publisher = {{Springer-Verlag}},
  urldate = {2019-09-18},
  date = {1993},
  author = {Hairer, Ernst and Nørsett, Syvert P. and Wanner, Gerhard},
  file = {/home/marc/Zotero/storage/UDSWLJFZ/Hairer et al. - 1993 - Solving Ordinary Differential Equations I Nonstif.pdf}
}

@thesis{wurzburger2019,
  title = {Dynamic {{Domain Adaption}} for {{Smoke Simulation}} in {{JuROr}}},
  institution = {{Masterarbeit, Fachhochschule Aachen, 2019}},
  date = {2019},
  author = {Würzburger, My Linh},
  file = {/home/marc/Zotero/storage/QU7EG7XD/Würzburger - 2019 - Dynamic Domain Adaption for Smoke Simulation in Ju.pdf}
}

@book{goering2012,
  langid = {Deutsch},
  title = {Die Finite-Elemente-Methode für Anfänger},
  edition = {4},
  pagetotal = {230},
  publisher = {{Wiley-VCH}},
  date = {2012-03-06},
  author = {Goering, Herbert and Tobiska, Lutz and Roos, Hans-Görg},
  file = {/home/marc/Zotero/storage/INJUH2G3/Goering et al. - 2012 - Die Finite-Elemente-Methode für Anfänger.pdf},
  doi = {10.1002/9783527630431}
}

@misc{naddei2018,
  langid = {english},
  title = {A comparison of refinement indicators for the p-adaptive simulation of steady and unsteady flows with discontinuous {{Galerkin}} methods},
  url = {https://hal.archives-ouvertes.fr/hal-01787788},
  urldate = {2019-09-18},
  date = {2018-05-07},
  author = {Naddei, Fabio and Plata, Marta de la Llave and Couaillier, Vincent and Coquel, Frédéric},
  file = {/home/marc/Zotero/storage/4I3F6QSR/Naddei et al. - 2018 - A comparison of refinement indicators for the p-ad.pdf}
}

@article{rueda-ramirez2019,
  archivePrefix = {arXiv},
  eprinttype = {arxiv},
  eprint = {1806.11456},
  title = {A p-{{Multigrid Strategy}} with {{Anisotropic}} p-{{Adaptation Based}} on {{Truncation Errors}} for {{High}}-{{Order Discontinuous Galerkin Methods}}},
  volume = {378},
  issn = {00219991},
  doi = {10.1016/j.jcp.2018.11.009},
  journaltitle = {Journal of Computational Physics},
  shortjournal = {Journal of Computational Physics},
  date = {2019-02},
  pages = {209-233},
  keywords = {Mathematics - Numerical Analysis},
  author = {Rueda-Ramírez, Andrés M. and Manzanero, Juan and Ferrer, Esteban and Rubio, Gonzalo and Valero, Eusebio},
  file = {/home/marc/Zotero/storage/PIJ8Z5TY/Rueda-Ramírez et al. - 2019 - A p-Multigrid Strategy with Anisotropic p-Adaptati.pdf}
}

@report{salari2000,
  langid = {english},
  title = {Code {{Verification}} by the {{Method}} of {{Manufactured Solutions}}},
  url = {https://www.osti.gov/biblio/759450-wLI4Ux/native/},
  number = {SAND2000-1444},
  institution = {{Sandia National Labs., Albuquerque, NM (US); Sandia National Labs., Livermore, CA (US)}},
  urldate = {2019-09-18},
  date = {2000-06-01},
  author = {Salari, Kambiz and Knupp, Patrick},
  file = {/home/marc/Zotero/storage/L75JQJVY/Salari and Knupp - 2000 - Code Verification by the Method of Manufactured So.pdf},
  doi = {10.2172/759450}
}

@thesis{arndt2013,
  title = {Augmented {{Taylor}}-{{Hood Elements}}  for {{Incompressible Flow}}},
  url = {https://www.mathsim.eu/~darndt/files/Masterarbeit.pdf},
  institution = {{Georg-August-Universität Göttingen}},
  type = {Master's thesis},
  date = {2013-03-11},
  author = {Arndt, Daniel},
  file = {/home/marc/Zotero/storage/9HR3TZJN/Arndt - 2013 - Augmented Taylor-Hood Elements  for Incompressible.pdf}
}

@article{riviere2014,
  title = {Penalty-free discontinuous {{Galerkin}} methods for incompressible {{Navier}}–{{Stokes}} equations},
  volume = {24},
  doi = {10.1142/S0218202513500826},
  journaltitle = {Mathematical Models and Methods in Applied Sciences},
  shortjournal = {Mathematical Models and Methods in Applied Sciences},
  date = {2014-03-28},
  author = {Riviere, Beatrice and Sardar, Shirin},
  file = {/home/marc/Zotero/storage/QGZ9JYE7/Riviere and Sardar - 2014 - Penalty-free discontinuous Galerkin methods for in.pdf}
}

@thesis{cornthwaite2011,
  title = {Pressure {{Poisson Method For The Incompressible Navier}}-{{Stokes Equations Using Galerkin Finite Elements}}},
  date = {2011-07-23},
  author = {Cornthwaite, John},
  file = {/home/marc/Zotero/storage/FWWRJ24M/Cornthwaite - 2011 - Pressure Poisson Method For The Incompressible Nav.pdf},
  doi = {10.13140/RG.2.2.36530.25282}
}

@article{cockburn2009,
  title = {An {{Equal}}-{{Order DG Method}} for the {{Incompressible Navier}}-{{Stokes Equations}}},
  volume = {40},
  doi = {10.1007/s10915-008-9261-1},
  journaltitle = {J. Sci. Comput.},
  shortjournal = {J. Sci. Comput.},
  date = {2009-07-01},
  pages = {188-210},
  author = {Cockburn, Bernardo and Kanschat, Guido and Schoetzau, Dominik},
  file = {/home/marc/Zotero/storage/BBR6CUTD/Cockburn et al. - 2009 - An Equal-Order DG Method for the Incompressible Na.pdf}
}

@article{piatkowski2018,
  title = {A stable and high-order accurate discontinuous {{Galerkin}} based splitting method for the incompressible {{Navier}}–{{Stokes}} equations},
  volume = {356},
  issn = {0021-9991},
  doi = {10.1016/j.jcp.2017.11.035},
  journaltitle = {Journal of Computational Physics},
  shortjournal = {Journal of Computational Physics},
  date = {2018-03-01},
  pages = {220-239},
  keywords = {High-order discontinuous Galerkin,Incompressibility,Navier–Stokes equations,Projection methods},
  author = {Piatkowski, Marian and Müthing, Steffen and Bastian, Peter},
  file = {/home/marc/Zotero/storage/JNUCK7YQ/Piatkowski et al. - 2018 - A stable and high-order accurate discontinuous Gal.pdf}
}

@online{polymerprocessing.com2001,
  title = {Polymer {{Processing Notes}}},
  url = {http://polymerprocessing.com/notes/index.html},
  urldate = {2019-09-18},
  date = {2001},
  author = {{PolymerProcessing.com}},
  file = {/home/marc/Zotero/storage/36T44X46/root91a.pdf;/home/marc/Zotero/storage/BH4BUT8Y/root03a.pdf;/home/marc/Zotero/storage/DSUL7FKF/root04a.pdf;/home/marc/Zotero/storage/FRZYXIRG/root93a.pdf;/home/marc/Zotero/storage/IZ6PRNMP/root02a.pdf;/home/marc/Zotero/storage/MYGI4C38/root01a.pdf;/home/marc/Zotero/storage/X3P72HCL/root90a.pdf;/home/marc/Zotero/storage/YVQZ5C3X/root92a.pdf;/home/marc/Zotero/storage/5ZBLUQ63/index.html}
}

@article{kelly1983,
  langid = {english},
  title = {\textit{A posteriori} error analysis and adaptive processes in the finite element method: {{Part I}} - error analysis},
  volume = {19},
  issn = {1097-0207},
  doi = {10.1002/nme.1620191103},
  shorttitle = {A posteriori error analysis and adaptive processes in the finite element method},
  number = {11},
  journaltitle = {International Journal for Numerical Methods in Engineering},
  date = {1983},
  pages = {1593-1619},
  author = {Kelly, D. W. and Gago, J. P. De S. R. and Zienkiewicz, O. C. and Babuska, I.},
  file = {/home/marc/Zotero/storage/WDD3T74T/Kelly et al. - 1983 - A posteriori error analysis and adaptive processes.pdf}
}

@article{gago1983,
  langid = {english},
  title = {\textit{A posteriori} error analysis and adaptive processes in the finite element method: {{Part II}} - adaptive mesh refinement},
  volume = {19},
  issn = {1097-0207},
  doi = {10.1002/nme.1620191104},
  shorttitle = {A posteriori error analysis and adaptive processes in the finite element method},
  number = {11},
  journaltitle = {International Journal for Numerical Methods in Engineering},
  date = {1983},
  pages = {1621-1656},
  author = {Gago, J. P. De S. R. and Kelly, D. W. and Zienkiewicz, O. C. and Babuska, I.},
  file = {/home/marc/Zotero/storage/NCUQ3HSB/Gago et al. - 1983 - A posteriori error analysis and adaptive processes.pdf}
}

@report{mitchell2011,
  langid = {english},
  title = {A {{Comparison}} of \textit{hp}-{{Adaptive Strategies}} for {{Elliptic Partial Differential Equations}} ({{Long Version}})},
  url = {https://www.nist.gov/publications/comparison-hp-adaptive-strategies-elliptic-partial-differential-equations-long-version},
  number = {7824},
  series = {{{NIST Interagency}}/{{Internal Report}} ({{NISTIR}})},
  urldate = {2019-10-04},
  date = {2011-10-05},
  author = {Mitchell, William F. and McClain, Marjorie A.},
  file = {/home/marc/Zotero/storage/LMA2SASK/Mitchell and McClain - 2011 - A Comparison of pretextit hp pre-Adaptive St.pdf},
  doi = {10.6028/NIST.IR.7824}
}

@article{jomo2017,
  title = {Parallelization of the multi-level \textit{hp}-adaptive finite cell method},
  volume = {74},
  issn = {0898-1221},
  doi = {10.1016/j.camwa.2017.01.004},
  number = {1},
  journaltitle = {Computers \& Mathematics with Applications},
  shortjournal = {Computers \& Mathematics with Applications},
  series = {5th {{European Seminar}} on {{Computing ESCO}} 2016},
  date = {2017-07-01},
  pages = {126-142},
  keywords = {Arbitrary hanging nodes,Automatic -adaptivity,Finite cell method,High performance computing,High-order FEM,Parallel computation},
  author = {Jomo, John N. and Zander, Nils and Elhaddad, Mohamed and Özcan, Ali and Kollmannsberger, Stefan and Mundani, Ralf-Peter and Rank, Ernst},
  file = {/home/marc/Zotero/storage/HAWK46CD/Jomo et al. - 2017 - Parallelization of the multi-level hp-adaptive fin.pdf}
}

@book{elman2014,
  langid = {american},
  title = {Finite {{Elements}} and {{Fast Iterative Solvers}}: {{With Applications}} in {{Incompressible Fluid Dynamics}}},
  isbn = {978-0-19-178074-5},
  url = {https://www.oxfordscholarship.com/view/10.1093/acprof:oso/9780199678792.001.0001/acprof-9780199678792},
  shorttitle = {Finite {{Elements}} and {{Fast Iterative Solvers}}},
  publisher = {{Oxford University Press}},
  urldate = {2019-10-18},
  date = {2014-06-01},
  author = {Elman, Howard and Silvester, David and Wathen, Andy},
  file = {/home/marc/Zotero/storage/AG999DVU/Elman et al. - 2014 - Finite Elements and Fast Iterative Solvers With A.pdf},
  doi = {10.1093/acprof:oso/9780199678792.001.0001}
}

@book{bangerth2003,
  langid = {english},
  title = {Adaptive {{Finite Element Methods}} for {{Differential Equations}}},
  isbn = {978-3-7643-7009-1},
  url = {https://www.springer.com/gp/book/9783764370091},
  series = {Lectures in {{Mathematics}}. {{ETH Zürich}}},
  publisher = {{Birkhäuser Basel}},
  urldate = {2019-10-18},
  date = {2003},
  author = {Bangerth, Wolfgang and Rannacher, Rolf},
  file = {/home/marc/Zotero/storage/QTRDP6XR/Bangerth and Rannacher - 2003 - Adaptive Finite Element Methods for Differential E.djvu},
  doi = {10.1007/978-3-0348-7605-6}
}

@book{schwab1998,
  location = {{Oxford, New York}},
  title = {p- and hp- {{Finite Element Methods}}: {{Theory}} and {{Applications}} in {{Solid}} and {{Fluid Mechanics}}},
  isbn = {978-0-19-850390-3},
  shorttitle = {p- and hp- {{Finite Element Methods}}},
  pagetotal = {386},
  series = {Numerical {{Mathematics}} and {{Scientific Computation}}},
  publisher = {{Oxford University Press}},
  date = {1998-10-15},
  author = {Schwab, C.},
  note = {doi:}
}

@book{ern2004,
  langid = {english},
  location = {{New York}},
  title = {Theory and {{Practice}} of {{Finite Elements}}},
  isbn = {978-0-387-20574-8},
  url = {https://www.springer.com/de/book/9780387205748},
  series = {Applied {{Mathematical Sciences}}},
  publisher = {{Springer-Verlag}},
  urldate = {2019-10-18},
  date = {2004},
  author = {Ern, Alexandre and Guermond, Jean-Luc},
  doi = {10.1007/978-1-4757-4355-5}
}


