
@report{cuda10,
  title = {{{NVIDIA}}® {{CUDA}}® {{Toolkit}} 10.0},
  date = {2018-10},
  url = {https://developer.nvidia.com/cuda-zone},
  urldate = {2019-02-05}
}

@report{dealii920pre,
  title = {deal.{{II}}: {{Differential Equations Analysis Library Version}} 9.2.0-pre},
  date = {2020-02-11},
  url = {https://www.dealii.org/},
  urldate = {2020-02-19}
}

@report{dealiiissue3511,
  title = {Make hp::{{DoFHandler}} work with parallel::distributed::{{Triangulation}}},
  author = {{Wolfgang Bangerth} and {Marc Fehling}},
  date = {2016-11-09},
  url = {https://github.com/dealii/dealii/issues/3511},
  urldate = {2020-02-19},
  type = {GitHub Issue}
}

@report{dealiiissue7515,
  title = {Generalize interface on hp-adaptive methods},
  author = {{Marc Fehling} and {Denis Davydov}},
  date = {2018-12-08},
  url = {https://github.com/dealii/dealii/issues/7515},
  urldate = {2020-02-19},
  type = {GitHub Issue}
}

@report{finaldissertation,
  title = {deal.{{II}}: {{Differential Equations Analysis Library}} ({{Customized}})},
  date = {2020-02-11},
  institution = {{GitHub Branch}},
  url = {https://github.com/marcfehling/dealii/tree/final-dissertation},
  urldate = {2020-02-19}
}

@report{hypre2182,
  title = {{{HYPRE}}: {{Scalable Linear Solvers}} and {{Multigrid Methods Version}} 2.18.2},
  date = {2019-10-28},
  url = {http://www.llnl.gov/casc/hypre/},
  urldate = {2020-02-19}
}

@report{ml,
  title = {{{ML}}},
  date = {2019-11-11},
  url = {https://trilinos.github.io/ml.html},
  urldate = {2020-02-19}
}

@report{mpi31,
  title = {{{MPI}}: {{A Message}}-{{Passing Interface Standard Version}} 3.1},
  author = {{Message Passing Interface Forum}},
  date = {2015-06},
  url = {https://www.mpi-forum.org/},
  urldate = {2019-02-05}
}

@report{muelu,
  title = {{{MueLu}}},
  date = {2019-11-11},
  url = {https://trilinos.github.io/muelu.html},
  urldate = {2020-02-19}
}

@report{openacc27,
  title = {The {{OpenACC}}® {{Application Programming Interface Version}} 2.7},
  date = {2018-11},
  url = {https://www.openacc.org/},
  urldate = {2019-02-05}
}

@report{openmp50,
  title = {{{OpenMP}}® {{Application Programming Interface Version}} 5.0},
  date = {2018-11},
  url = {https://www.openmp.org/},
  urldate = {2019-02-05}
}

@report{petsc3124,
  title = {{{PETSc}}: {{Portable}}, {{Extensible Toolkit}} for {{Scientific Computation Version}} 3.12.4},
  date = {2020-02-04},
  url = {http://mcs.anl.gov/petsc},
  urldate = {2020-02-19}
}

@report{tbb2018,
  title = {{{Intel}}® {{Threading Building Blocks}} 2019 {{Update}} 3},
  date = {2018-12},
  url = {https://www.threadingbuildingblocks.org/},
  urldate = {2019-02-05}
}

@report{trilinos12181,
  title = {Trilinos {{Version}} 12.18.1},
  date = {2019-11-11},
  url = {https://trilinos.github.io/},
  urldate = {2020-02-19}
}


